@inbook{ekman2019putting,
  author    = {Ekman, Axel and Chen, Jian-Hua and Weinhardt, Venera and Do, Myan and McDermott, Gerry and Gros, Mark A Le and Larabell, Carolyn A},
  title     = {Putting Molecules in the Picture: Using Correlated Light Microscopy and Soft X-Ray Tomography to Study Cells},
  editor    = {Eberhard Jaeschke and Shaukat Khan and Jochen R. Schneider and Jerome B. Hastings},
  publisher = {Springer},
  journal   = {Synchrotron Light Sources and Free-Electron Lasers: Accelerator Physics, Instrumentation and Science Applications},
  pages     = {1--32},
  year      = {2019}
}
 
@inbook{crctomo,
  author    = {Axel A. Ekman and Tia E. Plautz andGerry McDermott and Mark A. Le Gros and Carolyn A. Larabell},
  title     = {Soft x-ray tomography: techniques and applications},
  booktitle = {Handbook of X-ray Imaging},
  publisher = {CRC-press},
  editor    = {Paolo Russo},
  year      = {2017}
}
 