@article{ekman2020cnn,
  title     = {Task Based Semantic Segmentation of Soft X-ray CT Images Using 3D Convolutional Neural Networks},
  doi       = {10.1017/S1431927620023983},
  journal   = {Microscopy and Microanalysis},
  publisher = {Cambridge University Press},
  author    = {Ekman, Axel and Chen, Jian-Hua and Dermott, Gerry Mc and Le Gros, Mark A. and Larabell, Carolyn},
  year      = {2020},
  pages     = {1–3}
}

@article{chen2020imag,
  title     = {Imaging Sub-cellular 3D Structures Using Soft X-ray Microscopy},
  doi       = {10.1017/S1431927620022771},
  journal   = {Microscopy and Microanalysis},
  publisher = {Cambridge University Press},
  author    = {Chen, Jian-Hua and Ekman, Axel and Weinhardt, Venera and Loconte, Valentina and Dermott, Gerry Mc and Le Gros, Mark A. and Larabell, Carolyn},
  year      = {2020},
  pages     = {1–2}
}

@article{weinhardt2020adv,
  title     = {Advances in Soft X-ray Tomography},
  doi       = {10.1017/S1431927620023971},
  journal   = {Microscopy and Microanalysis},
  publisher = {Cambridge University Press},
  author    = {Weinhardt, Venera and Chen, Jian-Hua and Ekman, Axel and Le Gros, Mark A. and Dermott, Gerry Mc and Larabell, Carolyn},
  year      = {2020},
  pages     = {1–4}
}

@article{locontecor,
  title     = {Correlated Soft X-ray and Cryogenic Fluorescence Tomography Is a Powerful Tool to Explore the Role of Mitochondria-Associated Membranes in Insulin Secretory Pathway},
  doi       = {10.1017/S1431927620024009},
  journal   = {Microscopy and Microanalysis},
  publisher = {Cambridge University Press},
  author    = {Loconte, Valentina and Chen, Jian-Hua and Ekman, Axel and Le Gros, Mark A. and Dermott, Gerry Mc and White, Kate and Larabell, Carolyn},
  year      = {2020},
  pages     = {1–2}
}


@article{CHEN2019439a,
  title   = {Imaging Cancer Cells and their Interactions Within 3D Microenvironment - a Quantitative Study using Cryo Soft X-Ray Tomography},
  journal = {Biophysical Journal},
  volume  = {116},
  number  = {3, Supplement 1},
  pages   = {439a},
  year    = {2019},
  issn    = {0006-3495},
  doi     = {https://doi.org/10.1016/j.bpj.2018.11.2364},
  url     = {http://www.sciencedirect.com/science/article/pii/S0006349518336294},
  author  = {Jian-Hua Chen and Axel Ekman and Venera Weinhardt and Gerry McDermott and Mark A. Le Gros and Carolyn A. Larabell}
}

@article{WHITE2019431a,
  title   = {Mesoscale Architecture of Beta Cells Upon Glucose and Ex-4 Stimulation},
  journal = {Biophysical Journal},
  volume  = {116},
  number  = {3, Supplement 1},
  pages   = {431a},
  year    = {2019},
  issn    = {0006-3495},
  doi     = {https://doi.org/10.1016/j.bpj.2018.11.2322},
  url     = {http://www.sciencedirect.com/science/article/pii/S0006349518335872},
  author  = {Kate L. White and Jitin Singla and John Francis and Jian-Hua Chen and Axel Ekman and Carolyn Larabell and Raymond C. Stevens}
}

@article{LARABELL2019331a,
  title   = {CT Scans of Single Cells with Soft X-Ray Tomography},
  journal = {Biophysical Journal},
  volume  = {116},
  number  = {3, Supplement 1},
  pages   = {331a},
  year    = {2019},
  issn    = {0006-3495},
  doi     = {https://doi.org/10.1016/j.bpj.2018.11.1800},
  url     = {http://www.sciencedirect.com/science/article/pii/S0006349518330650},
  author  = {Carolyn A. Larabell and Jian-Hua Chen and Venera Weinhardt and Axel Ekman and Gerry McDermott and Mark A. Le Gros}
}


@article{chen2017quantitative,
  title     = {Quantitative Analyzing the Spatial Organization of the Organelles in Cancer Cell Using Soft X-Ray Tomography},
  author    = {Chen, Jian-Hua and Boudreau, Rosanne and Ekman, Axel and McDermott, Gerry and LeGros, Mark and Larabell, Carolyn},
  journal   = {Microscopy and Microanalysis},
  volume    = {23},
  number    = {S1},
  pages     = {1392--1393},
  year      = {2017},
  publisher = {Cambridge University Press}
}

@article{plautz2017progress,
  title     = {Progress Toward Automatic Segmentation of Soft X-ray Tomograms Using Convolutional Neural Networks},
  author    = {Plautz, Tia and Boudreau, Rosanne and Chen, Jian-Hua and Ekman, Axel and LeGros, Mark and McDermott, Gerry and Larabell, Carolyn},
  journal   = {Microscopy and Microanalysis},
  volume    = {23},
  number    = {S1},
  pages     = {984--985},
  year      = {2017},
  publisher = {Cambridge University Press}
}

@article{ekman2017psf,
  title     = {PSF Corrected Reconstruction in Soft X-ray Tomography (SXT)},
  author    = {Ekman, Axel and Plautz, Tia E and Chen, Jian-Hua and McDermott, Gerry and Le Gros, Mark A and Larabell, Carolyn},
  journal   = {Microscopy and Microanalysis},
  volume    = {23},
  number    = {S1},
  pages     = {978--979},
  year      = {2017},
  publisher = {Cambridge University Press}
}

@article{mcdermott2017national,
  title     = {The National Center for X-Ray Tomography: Status Update},
  author    = {McDermott, Gerry and Boudreau, Rosanne and Chen, Jian-Hua and Ekman, Axel and LeGros, Mark and Plautz, Tia and Larabell, Carolyn A},
  journal   = {Microscopy and Microanalysis},
  volume    = {23},
  number    = {S1},
  pages     = {970--971},
  year      = {2017},
  publisher = {Cambridge University Press}
}