@Misc{batch,
  title  = {Determining the layered permeability of wet-pressing with the aid of tomography},
   howpublished = {University of Jyv{\"a}skyl{\"a}, Finalnd},
  year         = {2010},
  note         = {Bachelor's Thesis, Supervisor: Prof. Markku Kataja},
}

@Misc{msc,
  title        = {Determining the number of fibre-fibre contacts in cardboard samples using tomographic imaging.},
  howpublished = {University of Jyv{\"a}skyl{\"a}, Finalnd},
  year         = {2011},
  note         = {Master's Thesis, Supervisor: Prof. Jussi Timonen},
}

@Misc{phd,
  title  = {The effect of steric hindrance on the packing of elongated objects},
   howpublished = {University of Jyv{\"a}skyl{\"a}, Finalnd},
   year         = {2016},
  note         = {Doctoral Thesis, Supervisor: Prof. Jussi Timonen},
}